@article{hancock2019future,
  title={On the future of transportation in an era of automated and autonomous vehicles},
  author={Hancock, PA and Nourbakhsh, Illah and Stewart, Jack},
  journal={Proceedings of the National Academy of Sciences},
  pages={201805770},
  year={2019},
  publisher={National Acad Sciences}
}

@article{keeney2017mobility,
  title={Mobility-as-a-service: Why self-driving cars could change everything},
  author={Keeney, Tasha},
  journal={Ark Invest},
  volume={1},
  number={3},
  year={2017}
}


@article{bertoncello2015ten,
  title={Ten ways autonomous driving could redefine the automotive world},
  author={Bertoncello, Michele and Wee, Dominik},
  journal={McKinsey \& Company},
  volume={6},
  year={2015}
}

@inproceedings{zhou2017identification,
  title={Identification of critical cases of adas safety by fot based parameterization of a catalogue},
  author={Zhou, Jinwei and del Re, Luigi},
  booktitle={2017 11th Asian Control Conference (ASCC)},
  pages={453--458},
  year={2017},
  organization={IEEE}
}

@article{teoh2017rage,
  title={Rage against the machine? Google's self-driving cars versus human drivers},
  author={Teoh, Eric R and Kidd, David G},
  journal={Journal of safety research},
  volume={63},
  pages={57--60},
  year={2017},
  publisher={Elsevier}
}

@article{kalra2016driving,
  title={Driving to safety: How many miles of driving would it take to demonstrate autonomous vehicle reliability?},
  author={Kalra, Nidhi and Paddock, Susan M},
  journal={Transportation Research Part A: Policy and Practice},
  volume={94},
  pages={182--193},
  year={2016},
  publisher={Elsevier}
}

@article{levin2018uber,
  title={Uber crash shows' catastrophic failure'of self-driving technology, experts say},
  author={Levin, Sam},
  journal={The Guardian},
  volume={22},
  year={2018}
}

@inproceedings{kohli2019enabling,
  title={Enabling pedestrian safety using computer vision techniques: A case study of the 2018 Uber inc. self-driving car crash},
  author={Kohli, Puneet and Chadha, Anjali},
  booktitle={Future of Information and Communication Conference},
  pages={261--279},
  year={2019},
  organization={Springer}
}


@article{muir2016google,
  title={Google self-driving car caught on video colliding with bus},
  author={Muir, H},
  journal={The Guardian https://www. theguardian. com/technology/2016/mar/09/google-self-driving-car-crash-video-acci dent-bus},
  year={2016}
}


@article{zhang2018deeproad,
  title={Deeproad: Gan-based metamorphic autonomous driving system testing},
  author={Zhang, Mengshi and Zhang, Yuqun and Zhang, Lingming and Liu, Cong and Khurshid, Sarfraz},
  journal={arXiv preprint arXiv:1802.02295},
  year={2018}
}

@inproceedings{tian2018deeptest,
  title={Deeptest: Automated testing of deep-neural-network-driven autonomous cars},
  author={Tian, Yuchi and Pei, Kexin and Jana, Suman and Ray, Baishakhi},
  booktitle={Proceedings of the 40th international conference on software engineering},
  pages={303--314},
  year={2018},
  organization={ACM}
}

@inproceedings{zhang2014roadview,
  title={RoadView: A traffic scene simulator for autonomous vehicle simulation testing},
  author={Zhang, Chi and Liu, Yuehu and Zhao, Danchen and Su, Yuanqi},
  booktitle={17th International IEEE Conference on Intelligent Transportation Systems (ITSC)},
  pages={1160--1165},
  year={2014},
  organization={IEEE}
}

@inproceedings{ben2016testing,
  title={Testing advanced driver assistance systems using multi-objective search and neural networks},
  author={Ben Abdessalem, Raja and Nejati, Shiva and Briand, Lionel C and Stifter, Thomas},
  booktitle={Proceedings of the 31st IEEE/ACM International Conference on Automated Software Engineering},
  pages={63--74},
 }
 
 @article{xu2019automatic,
  title={Automatic Ontology Learning from Domain-Specific Short Unstructured Text Data},
  author={Xu, Yiming and Rajpathak, Dnyanesh and Gibbs, Ian and Klabjan, Diego},
  journal={arXiv preprint arXiv:1903.04360},
  year={2019}
}

  
  
  
  
  year={2016},
  organization={ACM}
}

@inproceedings{sippl2016simulation,
  title={From simulation data to test cases for fully automated driving and ADAS},
  author={Sippl, Christoph and Bock, Florian and Wittmann, David and Altinger, Harald and German, Reinhard},
  booktitle={IFIP International Conference on Testing Software and Systems},
  pages={191--206},
  year={2016},
  organization={Springer}
}

@incollection{stocker2019shared,
  title={Shared automated vehicle (SAV) pilots and automated vehicle policy in the US: Current and future developments},
  author={Stocker, Adam and Shaheen, Susan},
  booktitle={Road Vehicle Automation 5},
  pages={131--147},
  year={2019},
  publisher={Springer}
}


@incollection{guarino2009ontology,
  title={What is an ontology?},
  author={Guarino, Nicola and Oberle, Daniel and Staab, Steffen},
  booktitle={Handbook on ontologies},
  pages={1--17},
  year={2009},
  publisher={Springer}
}

@article{studer1998knowledge,
  title={Knowledge engineering: principles and methods},
  author={Studer, Rudi and Benjamins, V Richard and Fensel, Dieter},
  journal={Data \& knowledge engineering},
  volume={25},
  number={1-2},
  pages={161--197},
  year={1998},
  publisher={Elsevier}
}

@inproceedings{armand2014ontology,
  title={Ontology-based context awareness for driving assistance systems},
  author={Armand, Alexandre and Filliat, David and Iba{\~n}ez-Guzman, Javier},
  booktitle={2014 IEEE intelligent vehicles symposium proceedings},
  pages={227--233},
  year={2014},
  organization={IEEE}
}

@inproceedings{hummel2008scene,
  title={Scene understanding of urban road intersections with description logic},
  author={Hummel, Britta and Thiemann, Werner and Lulcheva, Irina},
  booktitle={Dagstuhl Seminar Proceedings},
  year={2008},
  organization={Schloss Dagstuhl-Leibniz-Zentrum fr Informatik}
}

@inproceedings{zhao2015ontology,
  title={Ontology-based decision making on uncontrolled intersections and narrow roads},
  author={Zhao, Lihua and Ichise, Ryutaro and Yoshikawa, Tatsuya and Naito, Takeshi and Kakinami, Toshiaki and Sasaki, Yutaka},
  booktitle={2015 IEEE intelligent vehicles symposium (IV)},
  pages={83--88},
  year={2015},
  organization={IEEE}
}

@article{loper2002nltk,
  title={NLTK: the natural language toolkit},
  author={Loper, Edward and Bird, Steven},
  journal={arXiv preprint cs/0205028},
  year={2002}
}

@inproceedings{mitkov2007anaphora,
  title={Anaphora resolution: To what extent does it help NLP applications?},
  author={Mitkov, Ruslan and Evans, Richard and Or{\u{a}}san, Constantin and Pekar, Viktor and others},
  booktitle={Discourse Anaphora and Anaphor Resolution Colloquium},
  pages={179--190},
  year={2007},
  organization={Springer}
}

@inproceedings{marquez1998part,
  title={Part-of-speech tagging using decision trees},
  author={M{\`a}rquez, Llu{\'\i}s and Rodr{\'\i}guez, Horacio},
  booktitle={European Conference on Machine Learning},
  pages={25--36},
  year={1998},
  organization={Springer}
}

@article{godoy2019self,
  title={Self-Generated OSM-Based Driving Corridors},
  author={Godoy, Jorge and Artu{\~n}edo, Antonio and Villagra, Jorge},
  journal={IEEE Access},
  volume={7},
  pages={20113--20125},
  year={2019},
  publisher={IEEE}
}

@article{haklay2008openstreetmap,
  title={Openstreetmap: User-generated street maps},
  author={Haklay, Mordechai and Weber, Patrick},
  journal={IEEE Pervasive Computing},
  volume={7},
  number={4},
  pages={12--18},
  year={2008},
  publisher={Ieee}
}

@article{bresson2017simultaneous,
  title={Simultaneous localization and mapping: A survey of current trends in autonomous driving},
  author={Bresson, Guillaume and Alsayed, Zayed and Yu, Li and Glaser, S{\'e}bastien},
  journal={IEEE Transactions on Intelligent Vehicles},
  volume={2},
  number={3},
  pages={194--220},
  year={2017},
  publisher={IEEE}
}

@inproceedings{erbsmehl2009simulation,
  title={Simulation of real crashes as a method for estimating the potential benefits of advanced safety technologies},
  author={Erbsmehl, Christian},
  booktitle={21st International Technical Conference on the Enhanced Safety of Vehicles (ESV) National Highway Traffic Safety AdministrationBundesministerium fuer Verkehr, Bau und Stadtentwicklung-BMVBS-(Federal Ministry of Transport, Building and Urban Affairs) Bundesanstalt fuer Strassenwesen (BASt)},
  number={09-0162},
  year={2009}
}

@inproceedings{zhou2018safety,
  title={Safety Verification Of ADAS By Collision-free Boundary Searching Of A Parameterized Catalog},
  author={Zhou, Jinwei and del Re, Luigi},
  booktitle={2018 Annual American Control Conference (ACC)},
  pages={4790--4795},
  year={2018},
  organization={IEEE}
}



@inproceedings{gruyer2014virtual,
  title={From virtual to reality, how to prototype, test and evaluate new ADAS: Application to automatic car parking},
  author={Gruyer, Dominique and Choi, Sungwoo and Boussard, Cl{\'e}ment and d'Andr{\'e}a-Novel, Brigitte},
  booktitle={2014 IEEE Intelligent Vehicles Symposium Proceedings},
  pages={261--267},
  year={2014},
  organization={IEEE}
}

@article{squillante2018modeling,
  title={Modeling accident scenarios from databases with missing data: A probabilistic approach for safety-related systems design},
  author={Squillante Jr, Reinaldo and Fo, Diolino J Santos and Maruyama, Newton and Junqueira, Fabr{\'\i}cio and Moscato, Lucas A and Nakamoto, Francisco Y and Miyagi, Paulo E and Okamoto Jr, Jun},
  journal={Safety science},
  volume={104},
  pages={119--134},
  year={2018},
  publisher={Elsevier}
}

@article{arrieta2018employing,
  title={Employing multi-objective search to enhance reactive test case generation and prioritization for testing industrial cyber-physical systems},
  author={Arrieta, Aitor and Wang, Shuai and Markiegi, Urtzi and Sagardui, Goiuria and Etxeberria, Leire},
  journal={IEEE Transactions on Industrial Informatics},
  volume={14},
  number={3},
  pages={1055--1066},
  year={2018},
  publisher={IEEE}
}

@inproceedings{zofka2016testing,
  title={Testing and validating high level components for automated driving: simulation framework for traffic scenarios},
  author={Zofka, Marc Ren{\'e} and Klemm, Sebastian and Kuhnt, Florian and Schamm, Thomas and Z{\"o}llner, J Marius},
  booktitle={2016 IEEE Intelligent Vehicles Symposium (IV)},
  pages={144--150},
  year={2016},
  organization={IEEE}
}


@inproceedings{zhan2007improved,
  title={An improved moving object detection algorithm based on frame difference and edge detection},
  author={Zhan, Chaohui and Duan, Xiaohui and Xu, Shuoyu and Song, Zheng and Luo, Min},
  booktitle={Fourth International Conference on Image and Graphics (ICIG 2007)},
  pages={519--523},
  year={2007},
  organization={IEEE}
}

@article{li2018key,
  title={Key frame extraction in the summary space},
  author={Li, Xuelong and Zhao, Bin and Lu, Xiaoqiang},
  journal={IEEE transactions on cybernetics},
  volume={48},
  number={6},
  pages={1923--1934},
  year={2018},
  publisher={IEEE}
}

@inproceedings{Premaratne2012NewSS,
  title={New Structural Similarity Measure for Image Comparison},
  author={Prashan Premaratne and Malin Premaratne},
  booktitle={ICIC},
  year={2012}
}

@inproceedings{abdessalem2018testing,
  title={Testing vision-based control systems using learnable evolutionary algorithms},
  author={Abdessalem, Raja Ben and Nejati, Shiva and Briand, Lionel C and Stifter, Thomas},
  booktitle={2018 IEEE/ACM 40th International Conference on Software Engineering (ICSE)},
  pages={1016--1026},
  year={2018},
  organization={IEEE}
}

@software{beamng_research,
title = "{B}eam{NG}.research",
author = {{BeamNG GmbH}},
url = {https://www.beamng.gmbh/research},
version = {1.3.0.0},
date = {2018-10-11},
}

@article{opencv_library,
    author = {Bradski, G.},
    citeulike-article-id = {2236121},
    journal = {Dr. Dobb's Journal of Software Tools},
    keywords = {bibtex-import},
    posted-at = {2008-01-15 19:21:54},
    priority = {4},
    title = {{The OpenCV Library}},
    year = {2000}
}


@inproceedings{althoff2018automatic,
  title={Automatic Generation of Safety-Critical Test Scenarios for Collision Avoidance of Road Vehicles},
  author={Althoff, Matthias and Lutz, Sebastian},
  booktitle={2018 IEEE Intelligent Vehicles Symposium (IV)},
  pages={1326--1333},
  year={2018},
  organization={IEEE}
}

@inproceedings{kala2012planning,
  title={Planning autonomous vehicles in the absence of speed lanes using lateral potentials},
  author={Kala, Rahul and Warwick, Kevin},
  booktitle={2012 IEEE Intelligent Vehicles Symposium},
  pages={597--602},
  year={2012},
  organization={IEEE}
}

@inproceedings{altche2017high,
  title={High-speed trajectory planning for autonomous vehicles using a simple dynamic model},
  author={Altch{\'e}, Florent and Polack, Philip and de La Fortelle, Arnaud},
  booktitle={2017 IEEE 20th International Conference on Intelligent Transportation Systems (ITSC)},
  pages={1--7},
  year={2017},
  organization={IEEE}
}

@inproceedings{cucerzan2007large,
  title={Large-scale named entity disambiguation based on Wikipedia data},
  author={Cucerzan, Silviu},
  booktitle={Proceedings of the 2007 Joint Conference on Empirical Methods in Natural Language Processing and Computational Natural Language Learning (EMNLP-CoNLL)},
  pages={708--716},
  year={2007}
}


@InProceedings{SciPyProceedings_11,
  author =       {Aric A. Hagberg and Daniel A. Schult and Pieter J. Swart},
  title =        {Exploring Network Structure, Dynamics, and Function using NetworkX},
  booktitle =   {Proceedings of the 7th Python in Science Conference},
  pages =     {11 - 15},
  address = {Pasadena, CA USA},
  year =      {2008},
  editor =    {Ga\"el Varoquaux and Travis Vaught and Jarrod Millman},
}
